<collection xmlns="http://www.loc.gov/MARC21/slim">
<record>
  <leader>02054nam0a2200373 i 450 </leader>
  <controlfield tag="001">IT\ICCU\CNCE\066049</controlfield>
  <controlfield tag="005">20120829000000.0</controlfield>
  <datafield tag="012" ind1=" " ind2=" ">
    <subfield code="a">d*a- urt. sae- iiQu (3) 1567 (R)</subfield>
    <subfield code="2">fei</subfield>
  </datafield>
  <datafield tag="100" ind1=" " ind2=" ">
    <subfield code="a">20060808d1567        0itac0103    ba</subfield>
  </datafield>
  <datafield tag="101" ind1=" " ind2=" ">
    <subfield code="a">LAT</subfield>
  </datafield>
  <datafield tag="102" ind1=" " ind2=" ">
    <subfield code="a">IT</subfield>
  </datafield>
  <datafield tag="200" ind1="1" ind2=" ">
    <subfield code="a">De conseruanda bona valetudine, opusculum scholae Salernitanae, ad regem Angliae, cum Arnoldi Nouicomensis, medici &amp; philosophi antiqui enarrationibus vtilissimis, nouissime recognitis &amp; auctis per Ioannem Curionem. Reliqua sequens pagella indicabit</subfield>
  </datafield>
  <datafield tag="210" ind1=" " ind2=" ">
    <subfield code="a">Venetiis</subfield>
    <subfield code="c">apud haeredes Melchioris Sessae</subfield>
    <subfield code="d">1567</subfield>
    <subfield code="e">Venetiis</subfield>
    <subfield code="g">apud Bartholomaeum Rubinum</subfield>
    <subfield code="h">1567</subfield>
  </datafield>
  <datafield tag="215" ind1=" " ind2=" ">
    <subfield code="a">\12!, 294, \6! c.</subfield>
    <subfield code="d">12ʻ</subfield>
  </datafield>
  <datafield tag="500" ind1="1" ind2="1">
    <subfield code="3">IT\ICCU\CNCE\029358</subfield>
    <subfield code="a">Regimen sanitatis Salernitanum</subfield>
  </datafield>
  <datafield tag="620" ind1=" " ind2=" ">
    <subfield code="a">IT</subfield>
    <subfield code="d">Venezia</subfield>
  </datafield>
  <datafield tag="702" ind1=" " ind2="0">
    <subfield code="a">Arnaldus</subfield>
    <subfield code="c"> : de#Villanova</subfield>
    <subfield code="3">IT\ICCU\CNCA\000885</subfield>
  </datafield>
  <datafield tag="702" ind1=" " ind2="1">
    <subfield code="a">Curio,</subfield>
    <subfield code="b">Johann</subfield>
    <subfield code="3">IT\ICCU\CNCA\016360</subfield>
  </datafield>
  <datafield tag="712" ind1="0" ind2="0">
    <subfield code="a">Sessa, Melchiorre</subfield>
    <subfield code="c"> &lt;1.&gt; - eredi</subfield>
    <subfield code="3">IT\ICCU\CNCT\000242</subfield>
    <subfield code="4">650</subfield>
  </datafield>
  <datafield tag="712" ind1="0" ind2="0">
    <subfield code="a">Rubini, Bartolomeo</subfield>
    <subfield code="3">IT\ICCU\CNCT\000658</subfield>
    <subfield code="4">650</subfield>
  </datafield>
  <datafield tag="790" ind1=" " ind2="0">
    <subfield code="a">Arnaldo</subfield>
    <subfield code="c"> : de#Vilanova</subfield>
    <subfield code="3">IT\ICCU\CNCA\012263</subfield>
    <subfield code="z">Arnaldus : de#Villanova</subfield>
  </datafield>
  <datafield tag="790" ind1=" " ind2="0">
    <subfield code="a">Arnoldus</subfield>
    <subfield code="c"> : Novicomensis</subfield>
    <subfield code="3">IT\ICCU\CNCA\012265</subfield>
    <subfield code="z">Arnaldus : de#Villanova</subfield>
  </datafield>
  <datafield tag="790" ind1=" " ind2="1">
    <subfield code="a">Soler Pla,</subfield>
    <subfield code="b">Juan</subfield>
    <subfield code="3">IT\ICCU\CNCA\012266</subfield>
    <subfield code="z">Arnaldus : de#Villanova</subfield>
  </datafield>
  <datafield tag="790" ind1=" " ind2="1">
    <subfield code="a">Vilanova,</subfield>
    <subfield code="b">Arnau : de</subfield>
    <subfield code="3">IT\ICCU\CNCA\012267</subfield>
    <subfield code="z">Arnaldus : de#Villanova</subfield>
  </datafield>
  <datafield tag="790" ind1=" " ind2="1">
    <subfield code="a">Curio,</subfield>
    <subfield code="b">Johannes</subfield>
    <subfield code="3">IT\ICCU\CNCA\028086</subfield>
    <subfield code="z">Curio, Johann</subfield>
  </datafield>
  <datafield tag="791" ind1="0" ind2="0">
    <subfield code="a">Robini, Bartolomeo</subfield>
    <subfield code="3">IT\ICCU\CNCT\002578</subfield>
    <subfield code="z">Rubini, Bartolomeo</subfield>
  </datafield>
  <datafield tag="791" ind1="0" ind2="0">
    <subfield code="a">Rubinus, Bartolomaeus</subfield>
    <subfield code="3">IT\ICCU\CNCT\005422</subfield>
    <subfield code="z">Rubini, Bartolomeo</subfield>
  </datafield>
  <datafield tag="791" ind1="0" ind2="0">
    <subfield code="a">Rubino, Bartholomeo</subfield>
    <subfield code="3">IT\ICCU\CNCT\005423</subfield>
    <subfield code="z">Rubini, Bartolomeo</subfield>
  </datafield>
  <datafield tag="791" ind1="0" ind2="0">
    <subfield code="a">Robino, Bartolomeo</subfield>
    <subfield code="3">IT\ICCU\CNCT\005425</subfield>
    <subfield code="z">Rubini, Bartolomeo</subfield>
  </datafield>
  <datafield tag="801" ind1=" " ind2="3">
    <subfield code="a">IT</subfield>
    <subfield code="b">ICCU</subfield>
    <subfield code="c">20201115</subfield>
  </datafield>
  <datafield tag="899" ind1=" " ind2=" ">
    <subfield code="a">Biblioteca comunale Planettiana. Jesi</subfield>
    <subfield code="1">AN0092</subfield>
    <subfield code="2">URB BC</subfield>
  </datafield>
  <datafield tag="899" ind1=" " ind2=" ">
    <subfield code="a">Biblioteca comunale Scipione Gentili. San Ginesio</subfield>
    <subfield code="1">MC0073</subfield>
    <subfield code="2">UMC CS</subfield>
  </datafield>
  <datafield tag="899" ind1=" " ind2=" ">
    <subfield code="a">Biblioteca regionale universitaria. Messina</subfield>
    <subfield code="z">MUTILO</subfield>
    <subfield code="1">ME0050</subfield>
    <subfield code="2">PAL BM</subfield>
  </datafield>
  <datafield tag="899" ind1=" " ind2=" ">
    <subfield code="a">Fondazione Biblioteca S. Bernardino. Trento</subfield>
    <subfield code="1">TN0122</subfield>
    <subfield code="2">ZTN 18</subfield>
  </datafield>
</record>
</collection>
